<?xml version="1.0" encoding="UTF-8" ?>
<collection xmlns:xsi="http://www.w3.org/2001/XMLSchema-instance"
    xsi:schemaLocation="http://www.loc.gov/MARC21/slim
        http://www.loc.gov/standards/marcxml/schema/MARC21slim.xsd"
    xmlns="http://www.loc.gov/MARC21/slim">
<record>
  <leader>00267cam a2200517 i 4500</leader>
  <controlfield tag="001">b12361781</controlfield>
  <controlfield tag="003">LeBAU</controlfield>
  <controlfield tag="005">20180131</controlfield>
  <controlfield tag="008">970223s1949    ua            ||0 0 ara d</controlfield>
  <datafield tag="035" ind1=" " ind2=" ">
    <subfield code="a">ocn784260680</subfield>
  </datafield>
  <datafield tag="040" ind1=" " ind2=" ">
    <subfield code="a">LEAUB</subfield>
    <subfield code="b">ara</subfield>
    <subfield code="e">rda</subfield>
    <subfield code="c">LEAUB</subfield>
    <subfield code="d">LEAUB</subfield>
  </datafield>
  <datafield tag="082" ind1="0" ind2="4">
    <subfield code="a">191.9</subfield>
    <subfield code="2">20</subfield>
  </datafield>
  <datafield tag="100" ind1="1" ind2=" ">
    <subfield code="6">880-01</subfield>
    <subfield code="a">James, William,</subfield>
    <subfield code="d">1842-1910,</subfield>
    <subfield code="e">author.</subfield>
  </datafield>
  <datafield tag="240" ind1="1" ind2="0">
    <subfield code="a">Will to believe.</subfield>
    <subfield code="l">Arabic</subfield>
  </datafield>
  <datafield tag="245" ind1="1" ind2="0">
    <subfield code="6">880-02</subfield>
    <subfield code="a">al-ʻAql wa-al-dīn :</subfield>
    <subfield code="b">wa-huwa al-sifr al-thānī min irādat al-iʻtiqād /</subfield>
    <subfield code="c">min taʼlīf Wilyam Jayms ; wa-tarjamat al-Duktūr Maḥmūd Ḥubb Allāh, duktūr fī al-falsafah min Jāmiʻat Landan, ustādh al-falsafah wa-ʻilm al-nafs bi-kullīyat uṣūl al-dīn wa-ʻuḍw al-Jamʻīyah al-Falsafīyah al-Miṣrīyah</subfield>
  </datafield>
  <datafield tag="264" ind1=" " ind2="1">
    <subfield code="6">880-03</subfield>
    <subfield code="a">al-Qāhirah :</subfield>
    <subfield code="b">Dār Iḥyāʼ al-Kutub al-ʻArabīyah, ʻĪsá al-Bābī al-Ḥalabī wa-Shurakāh,</subfield>
    <subfield code="c">1368 H. = 1949 M.</subfield>
  </datafield>
  <datafield tag="300" ind1=" " ind2=" ">
    <subfield code="6">880-04</subfield>
    <subfield code="a">190 pages ;</subfield>
    <subfield code="c">22 cm.</subfield>
  </datafield>
  <datafield tag="336" ind1=" " ind2=" ">
    <subfield code="a">text</subfield>
    <subfield code="b">txt</subfield>
    <subfield code="2">rdacontent</subfield>
  </datafield>
  <datafield tag="337" ind1=" " ind2=" ">
    <subfield code="a">unmediated</subfield>
    <subfield code="b">n</subfield>
    <subfield code="2">rdamedia</subfield>
  </datafield>
  <datafield tag="338" ind1=" " ind2=" ">
    <subfield code="a">volume</subfield>
    <subfield code="b">nc</subfield>
    <subfield code="2">rdacarrier</subfield>
  </datafield>
  <datafield tag="490" ind1="1" ind2=" ">
    <subfield code="6">880-05</subfield>
    <subfield code="a">Muʼallafāt al-Jamʻīyah al-Falsafīyah al-Miṣrīyah</subfield>
  </datafield>
  <datafield tag="500" ind1=" " ind2=" ">
    <subfield code="a">في رأس العنوان: مؤلفات الجمعية الفلسفية المصرية، يشرف على إصدارها: الدكتور منصور فهمي باشا رئيس الجمعية، والدكتور علي عبد الواحد وافي وكيلها."</subfield>
  </datafield>
  <datafield tag="650" ind1=" " ind2="4">
    <subfield code="a">الدين.</subfield>
  </datafield>
  <datafield tag="650" ind1=" " ind2="4">
    <subfield code="a">الفلسفة.</subfield>
  </datafield>
  <datafield tag="650" ind1=" " ind2="4">
    <subfield code="a">الشك واليقين.</subfield>
  </datafield>
  <datafield tag="650" ind1=" " ind2="0">
    <subfield code="a">Religion.</subfield>
  </datafield>
  <datafield tag="650" ind1=" " ind2="0">
    <subfield code="a">Philosophy.</subfield>
  </datafield>
  <datafield tag="650" ind1=" " ind2="0">
    <subfield code="a">Belief and doubt.</subfield>
  </datafield>
  <datafield tag="700" ind1="1" ind2=" ">
    <subfield code="6">880-06</subfield>
    <subfield code="a">Ḥubb Allāh, Maḥmūd,</subfield>
    <subfield code="e">translator.</subfield>
  </datafield>
  <datafield tag="765" ind1="0" ind2=" ">
    <subfield code="6">880-07</subfield>
    <subfield code="i">is translation of</subfield>
    <subfield code="4">http://rdaregistry.info/Elements/e/P20141:</subfield>
    <subfield code="t">Will to believe and other essays in popular philosophy.</subfield>
    <subfield code="d">New York : Longmans, Green &amp; Co., 1905, c1896</subfield>
    <subfield code="w">(OCoLC)00569291</subfield>
    <subfield code="w">(OCoLC)00569291</subfield>
  </datafield>
  <datafield tag="787" ind1="0" ind2=" ">
    <subfield code="6">880-08</subfield>
    <subfield code="i">is continuation of (work)</subfield>
    <subfield code="4">http://rdaregistry.info/Elements/w/P10226:</subfield>
    <subfield code="t">Iradat al-Iʻtiqād.</subfield>
    <subfield code="d">[Miṣr] : Dār Iḥyāʼ al-Kutub al-ʻArabīyah, ʻĪsá al-Bābī al-Ḥalabī wa-Shurakāh, 1365 H. = 1946 M.</subfield>
    <subfield code="w">(OCoLC)784186848</subfield>
    <subfield code="w">(OCoLC)784186848</subfield>
  </datafield>
  <datafield tag="830" ind1=" " ind2="0">
    <subfield code="6">880-09</subfield>
    <subfield code="a">Muʼallafāt al-Jamʻīyah al-Falsafīyah al-Miṣrīyah.</subfield>
  </datafield>
  <datafield tag="852" ind1=" " ind2=" ">
    <subfield code="a">Jafet Library</subfield>
    <subfield code="e">American University of Beirut, Bliss Street , Beirut, Lebanon.</subfield>
  </datafield>
  <datafield tag="880" ind1="1" ind2=" ">
    <subfield code="6">100-01/(3/r</subfield>
    <subfield code="a">جيمس، وليم،</subfield>
    <subfield code="d">1842-1910،</subfield>
    <subfield code="e">مؤلف. </subfield>
    <subfield code="4">aut.</subfield>
  </datafield>
  <datafield tag="880" ind1="1" ind2="3">
    <subfield code="6">245-02/(3/r</subfield>
    <subfield code="a">العقل والدين :</subfield>
    <subfield code="b">وهوالسفر الثاني من إرادة الإعتقاد /</subfield>
    <subfield code="c">من تأليف وليم جيمس ؛ وترجمة الدكتور محمود حب الله، دكتور في الفلسفة من جامعة لندن، أستاذ الفلسفة وعلم النفس بكلية أصول الدين وعضو الجمعية الفلسفية المصرية.</subfield>
  </datafield>
  <datafield tag="880" ind1=" " ind2="1">
    <subfield code="6">264-03/(3/r</subfield>
    <subfield code="a">القاهرة :</subfield>
    <subfield code="b">دار إحياء الكتب العربية، عيسى البابي الحلبي وشركاه،</subfield>
    <subfield code="c">1368 هـ. = 1949 م.</subfield>
  </datafield>
  <datafield tag="880" ind1=" " ind2=" ">
    <subfield code="6">300-04(B</subfield>
    <subfield code="a">190 صفحة ؛</subfield>
    <subfield code="c">22 سم.</subfield>
  </datafield>
  <datafield tag="880" ind1="1" ind2=" ">
    <subfield code="6">490-05/(3/r</subfield>
    <subfield code="a">مؤلفات الجمعية الفلسفية المصرية</subfield>
  </datafield>
  <datafield tag="880" ind1="1" ind2=" ">
    <subfield code="6">700-06/(3/r</subfield>
    <subfield code="a">حب الله، محمود،</subfield>
    <subfield code="e">مترجم. </subfield>
    <subfield code="4">trl.</subfield>
  </datafield>
  <datafield tag="880" ind1="0" ind2=" ">
    <subfield code="6">765-07/(3/r</subfield>
    <subfield code="i">ترجمة كتاب</subfield>
    <subfield code="4">http://rdaregistry.info/Elements/e/P20141:</subfield>
    <subfield code="t">Will to believe and other essays in popular philosophy.</subfield>
    <subfield code="d">New York : Longmans, Green &amp; Co., 1905, c1896</subfield>
    <subfield code="w">b11440077</subfield>
    <subfield code="w">(OCoLC)00569291</subfield>
  </datafield>
  <datafield tag="880" ind1="0" ind2=" ">
    <subfield code="6">787-08/(3/r</subfield>
    <subfield code="i">مكمل ل (عمل)</subfield>
    <subfield code="4">http://rdaregistry.info/Elements/w/P10226:</subfield>
    <subfield code="t">إرادة الإعتقاد.</subfield>
    <subfield code="d">[مصر] : دار إحياء الكتب العربية، عيسى البابي الحلبي وشركاه، 1365 هـ. = 1946 م.</subfield>
    <subfield code="w">b12316167</subfield>
    <subfield code="w">(OCoLC)784186848</subfield>
  </datafield>
  <datafield tag="880" ind1=" " ind2="0">
    <subfield code="6">830-09/(3/r</subfield>
    <subfield code="a">مؤلفات الجمعية الفلسفية المصرية.</subfield>
  </datafield>
  <datafield tag="907" ind1=" " ind2=" ">
    <subfield code="a">.b12361781</subfield>
    <subfield code="b">18-02-07</subfield>
    <subfield code="c">11-05-24</subfield>
  </datafield>
  <datafield tag="907" ind1=" " ind2=" ">
    <subfield code="a">.b12361781</subfield>
    <subfield code="b">15-10-15</subfield>
    <subfield code="c">11-05-24</subfield>
  </datafield>
  <datafield tag="945" ind1=" " ind2=" ">
    <subfield code="f">J</subfield>
    <subfield code="a">191.9:J29waA</subfield>
    <subfield code="g">1</subfield>
    <subfield code="i">01007816</subfield>
    <subfield code="j">.i1280969x</subfield>
    <subfield code="l">u0503</subfield>
  </datafield>
  <datafield tag="998" ind1=" " ind2=" ">
    <subfield code="a">u05</subfield>
    <subfield code="b">97-02-23</subfield>
    <subfield code="c">m</subfield>
    <subfield code="d">a</subfield>
    <subfield code="e">-</subfield>
    <subfield code="f">ara</subfield>
    <subfield code="g">ua </subfield>
    <subfield code="h">0</subfield>
    <subfield code="i">1</subfield>
  </datafield>
</record>
</collection>
